<?xml version="1.0" encoding="UTF-8"?><collection xmlns="http://www.loc.gov/MARC21/slim"><record><leader>00458nam--2200157-i-4500</leader><controlfield tag="001">000028238</controlfield><controlfield tag="002">20161230</controlfield><controlfield tag="005">20170112235459</controlfield><controlfield tag="008">060222s1000------------r-----000-0-eng-d</controlfield><datafield ind1=" " ind2=" " tag="080"><subfield code="a">539.2</subfield></datafield><datafield ind1=" " ind2=" " tag="100"><subfield code="a">Kittel, Charles</subfield></datafield><datafield ind1=" " ind2=" " tag="245"><subfield code="a">Introducere in fizica corpului solid. Traducere din limba engleza dupa editia a patra imbunatatita si revizuita</subfield></datafield><datafield ind1=" " ind2=" " tag="260"><subfield code="a">Bucuresti</subfield><subfield code="b">Ed. Tehnica</subfield><subfield code="c">1971</subfield></datafield><datafield ind1=" " ind2=" " tag="300"><subfield code="a">806 p</subfield></datafield><datafield ind1=" " ind2=" " tag="852"><subfield code="a">36434</subfield></datafield><datafield ind1=" " ind2=" " tag="CAT"><subfield code="a">SYS</subfield><subfield code="c">20170112</subfield><subfield code="h">235459</subfield></datafield></record></collection>